@misc{Technologies2022Dec,
	author = {Technologies, Bliley},
	title = {{Filter Topology Face Off: A closer look at the top 4 filter types}},
	year = {2022},
	month = dec,
	note = {[Online; accessed 6. Dec. 2022]},
	url = {https://blog.bliley.com/filter-typology-face-off-a-closer-look-at-the-top-4-filter-types}
}

@article{Bansal2010Dec,
	author = {Bansal, Mohit},
	title = {{Performance evaluation of Butterworth Filter for Signal Denoising}},
	journal = {ResearchGate},
	year = {2010},
	month = dec,
	doi = {10.13140/RG.2.1.4809.8161}
}

@misc{Notes2022Dec,
	author = {Notes, Electronics},
	title = {{What is a Chebyshev RF Filter - the Basics {\ifmmode\mbox{\guillemotright}\else\guillemotright\fi} Electronics Notes}},
	year = {2022},
	month = dec,
	note = {[Online; accessed 7. Dec. 2022]},
	url = {https://www.electronics-notes.com/articles/radio/rf-filters/what-is-chebychev-filter-basics.php}
}
@misc{BibEntry2022Dec,
	title = {{Bessel Filter - an overview {$\vert$} ScienceDirect Topics}},
	year = {2022},
	month = dec,
	note = {[Online; accessed 7. Dec. 2022]},
	doi = {10.1016/B978-0-7506-8703-4.00008-0}
}

@article{Agarwal2015Jul,
	author = {Agarwal, Tarun},
	title = {{Different Types of Analog Filters with Explanation}},
	journal = {ElProCus - Electronic Projects for Engineering Students},
	year = {2015},
	month = jul,
	url = {https://www.elprocus.com/types-of-analog-filters}
}